
@article{ore,
  title={Theory of monomial groups},
  author={Ore, Oystein},
  journal={Transactions of the American Mathematical Society},
  volume={51},
  number={1},
  pages={15--64},
  year={1942},
  publisher={JSTOR}
}

@article{blackbox,
  title={A black-box group algorithm for recognizing finite symmetric and alternating groups, I},
  author={Beals, Robert and Leedham-Green, Charles and Niemeyer, Alice and Praeger, Cheryl and Seress, {\'A}kos},
  journal={Transactions of the American Mathematical Society},
  volume={355},
  number={5},
  pages={2097--2113},
  year={2003}
}

@book{whittaker1996course,
  title={A course of modern analysis},
  author={Whittaker, Edmund Taylor and Watson, George Neville},
  year={1996},
  publisher={Cambridge university press}
}


@article {LNP2009,
    author = {L{\"u}beck, Frank and Niemeyer, Alice C. and Praeger, Cheryl
              E.},
     title = {Finding involutions in finite {L}ie type groups of odd
              characteristic},
   journal = {J. Algebra},
  fjournal = {Journal of Algebra},
    volume = {321},
      year = {2009},
    number = {11},
     pages = {3397--3417},
      issn = {0021-8693},
     coden = {JALGA4},
   mrclass = {20D06 (20G40)},
  mrnumber = {2510054 (2010e:20026)},
mrreviewer = {Andrea Previtali},
       doi = {10.1016/j.jalgebra.2008.05.009},
       url = {http://dx.doi.org/10.1016/j.jalgebra.2008.05.009},
  keywords = "Finite groups of Lie type",
  keywords = "Proportions of involutions"
}

@article{beals2002permutations,
  title={Permutations with restricted cycle structure and an algorithmic application},
  author={Beals, Robert and Leedham-Green, Charles R and Niemeyer, Alice C and Praeger, Cheryl E and Seress, {\'A}kos},
  journal={Combinatorics, Probability and Computing},
  volume={11},
  number={5},
  pages={447--464},
  year={2002},
  publisher={Cambridge University Press}
}

@book{seress2003permutation,
  title={Permutation group algorithms},
  author={Seress, {\'A}kos},
  volume={152},
  year={2003},
  publisher={Cambridge University Press}
}

@article{jambor2013fast,
  title={Fast recognition of alternating groups of unknown degree},
  author={Jambor, Sebastian and Leuner, Martin and Niemeyer, Alice C and Plesken, Wilhelm},
  journal={Journal of Algebra},
  volume={392},
  pages={315--335},
  year={2013},
  publisher={Elsevier}
}

@inproceedings{babai1984complexity,
  title={On the complexity of matrix group problems I},
  author={Babai, L{\'a}szl{\'o} and Szemer{\'e}di, Endre},
  booktitle={25th Annual Symposium onFoundations of Computer Science, 1984.},
  pages={229--240},
  year={1984},
  organization={IEEE}
}

@article{beals2003black,
  title={A black-box group algorithm for recognizing finite symmetric and alternating groups, I},
  author={Beals, Robert and Leedham-Green, Charles and Niemeyer, Alice and Praeger, Cheryl and Seress, {\'A}kos},
  journal={Transactions of the American Mathematical Society},
  volume={355},
  number={5},
  pages={2097--2113},
  year={2003}
}

@inproceedings{massias1984majoration,
  title={Majoration explicite de l'ordre maximum d'un {\'e}l{\'e}ment du groupe sym{\'e}trique},
  author={Massias, Jean-Pierre},
  booktitle={Annales de la Facult{\'e} des sciences de Toulouse: Math{\'e}matiques},
  volume={6},
  number={3-4},
  pages={269--281},
  year={1984}
}

@inproceedings{sims1971computation,
  title={Computation with permutation groups},
  author={Sims, Charles C},
  booktitle={Proceedings of the second ACM symposium on Symbolic and algebraic manipulation},
  pages={23--28},
  year={1971},
  organization={ACM}
}

@inproceedings{neubuser1995invitation,
  title={An invitation to computational group theory},
  author={Neub{\"u}ser, Joachim},
  booktitle={Groups' 93--Galway/St. Andrews, volume 212 of London Math. Soc. Lecture Note Ser},
  year={1995},
  organization={Citeseer}
}

@inproceedings{sims1970computational,
  title={Computational methods in the study of permutation groups},
  author={Sims, Charles C},
  booktitle={Computational problems in abstract algebra},
  pages={169--183},
  year={1970},
  organization={Elsevier}
}

@article{liebeck1984minimal,
  title={On minimal degrees and base sizes of primitive permutation groups},
  author={Liebeck, Martin W},
  journal={Archiv der Mathematik},
  volume={43},
  number={1},
  pages={11--15},
  year={1984},
  publisher={Springer}
}

@article{bray2000improved,
  title={An improved method for generating the centralizer of an involution},
  author={Bray, John N},
  journal={Archiv der Mathematik},
  volume={74},
  number={4},
  pages={241--245},
  year={2000},
  publisher={Springer}
}
